<record><leader>00000cas a22000007a 4500</leader><controlfield tag="001">16664199</controlfield><controlfield tag="008">870910d19uu1974txuwr ne      0    0eng d</controlfield><datafield ind1=" " ind2=" " tag="010"><subfield code="a">sn 87090703 </subfield></datafield><datafield ind1=" " ind2=" " tag="040"><subfield code="a">PPM</subfield><subfield code="b">eng</subfield><subfield code="c">PPM</subfield><subfield code="d">OCLCQ</subfield></datafield><datafield ind1=" " ind2=" " tag="042"><subfield code="a">msc</subfield></datafield><datafield ind1="0" ind2="0" tag="245"><subfield code="a">Progressive press.</subfield></datafield><datafield ind1=" " ind2=" " tag="260"><subfield code="a">Waco, Tex. :</subfield><subfield code="b">Hueco Progressive Press</subfield></datafield><datafield ind1=" " ind2=" " tag="310"><subfield code="a">Weekly</subfield></datafield><datafield ind1="0" ind2=" " tag="362"><subfield code="a">-v. 10, no. 13 (July 26, 1974).</subfield></datafield><datafield ind1=" " ind2=" " tag="580"><subfield code="a">Merged with: The Dispatch news, to form: The Dispatch-press.</subfield></datafield><datafield ind1=" " ind2=" " tag="588"><subfield code="a">Description based on: Jan. 7, 1971 issue.</subfield></datafield><datafield ind1=" " ind2=" " tag="752"><subfield code="a">United States</subfield><subfield code="b">Texas</subfield><subfield code="c">McLennan</subfield><subfield code="d">Waco.</subfield></datafield><datafield ind1="0" ind2="0" tag="780"><subfield code="t">Hueco progressive press</subfield></datafield><datafield ind1="1" ind2="7" tag="785"><subfield code="t">Dispatch news</subfield></datafield><datafield ind1="1" ind2="7" tag="785"><subfield code="t">Dispatch-press</subfield></datafield><datafield ind1="1" ind2=" " tag="029"><subfield code="a">AU@</subfield><subfield code="b">000025828426</subfield></datafield></record>